@MISC{coumans2021,
author =   {Erwin Coumans and Yunfei Bai},
title =    {PyBullet, a Python module for physics simulation for games, robotics and machine learning},
howpublished = {\url{http://pybullet.org}},
year = {2016--2021}
}


